<record><leader>00000cas a22000007a 4500</leader><controlfield tag="001">14773128</controlfield><controlfield tag="008">861120d18951965inuwr ne      0    0eng d</controlfield><datafield ind1=" " ind2=" " tag="010"><subfield code="a">sn 86059062 </subfield></datafield><datafield ind1=" " ind2=" " tag="040"><subfield code="a">NPI</subfield><subfield code="b">eng</subfield><subfield code="c">NPI</subfield><subfield code="d">OCLCQ</subfield></datafield><datafield ind1="0" ind2="4" tag="245"><subfield code="a">The Carlisle news.</subfield></datafield><datafield ind1=" " ind2=" " tag="260"><subfield code="a">Carlisle, Ind. :</subfield><subfield code="b">C.R. Pauley,</subfield><subfield code="c">-1965.</subfield></datafield><datafield ind1=" " ind2=" " tag="310"><subfield code="a">Weekly</subfield></datafield><datafield ind1="1" ind2=" " tag="362"><subfield code="a">Began in 1895.</subfield></datafield><datafield ind1="0" ind2=" " tag="362"><subfield code="a">-v. 99, no. 122 (Oct. 29, 1965).</subfield></datafield><datafield ind1=" " ind2=" " tag="588"><subfield code="a">Description based on: Vol. 1, no. 9 (Sept. 13, 1895).</subfield></datafield><datafield ind1=" " ind2=" " tag="752"><subfield code="a">United States</subfield><subfield code="b">Indiana</subfield><subfield code="c">Sullivan</subfield><subfield code="d">Carlisle.</subfield></datafield><datafield ind1="0" ind2="4" tag="785"><subfield code="t">Sullivan union</subfield><subfield code="w">(DLC)sn 86058017</subfield><subfield code="w">(OCoLC)13046919</subfield></datafield></record>